<?xml version="1.0" encoding="UTF-8"?><collection xmlns="http://www.loc.gov/MARC21/slim"><record><leader>00499nam--2200181-i-4500</leader><controlfield tag="001">000006834</controlfield><controlfield tag="002">20161230</controlfield><controlfield tag="005">20170121212304</controlfield><controlfield tag="008">060222s1000------------r-----000-0-eng-d</controlfield><datafield ind1=" " ind2=" " tag="080"><subfield code="a">539.14</subfield></datafield><datafield ind1=" " ind2=" " tag="100"><subfield code="a">Baro, Gregorio</subfield></datafield><datafield ind1=" " ind2=" " tag="245"><subfield code="a">Dos nuevos isotopos de rutenio y rodio</subfield></datafield><datafield ind1=" " ind2=" " tag="260"><subfield code="a">Buenos Aires</subfield><subfield code="b">Comision Nacional De La Energia Atomica</subfield><subfield code="c">1955</subfield></datafield><datafield ind1=" " ind2=" " tag="300"><subfield code="a">10 p. + 4 Figuri</subfield></datafield><datafield ind1=" " ind2=" " tag="490"><subfield code="a">Publ.Serie Quimica</subfield></datafield><datafield ind1=" " ind2=" " tag="700"><subfield code="a">Seelmann-Eggebert, W</subfield></datafield><datafield ind1=" " ind2=" " tag="852"><subfield code="a">19779</subfield></datafield><datafield ind1=" " ind2=" " tag="CAT"><subfield code="a">SYS</subfield><subfield code="c">20170121</subfield><subfield code="h">212304</subfield></datafield></record></collection>